%%%%%%%%%%%%%%%%%%%%%%%%%%%%%%%%%%%%%%%%%%%%%%%%%%%%%%%%%%%%%%%%%%%%%%%%%%%%
% ----------------- ORIGINAL ENTRIES (unchanged) --------------------------
%%%%%%%%%%%%%%%%%%%%%%%%%%%%%%%%%%%%%%%%%%%%%%%%%%%%%%%%%%%%%%%%%%%%%%%%%%%%
@article{Auclair2021CollapseRisk,
  title   = {Protecting Urban Search and Rescue Teams from Building Collapse Risk in Aftershocks},
  author  = {Auclair, J. and Rebolledo, S. and others},
  journal = {International Journal of Disaster Risk Reduction},
  volume  = {62},
  pages   = {102545},
  year    = {2021},
  doi     = {10.1016/j.ijdrr.2021.102545}
}

@article{Daud2022DroneDisaster,
  title   = {Applications of Drone in Disaster Management: A Scoping Review},
  author  = {Syed Mohd Daud, S. M. and Yusof, M. Y. P. M. and Heo, C. C. and others},
  journal = {Science \& Justice},
  volume  = {62},
  number  = {1},
  pages   = {30--42},
  year    = {2022},
  doi     = {10.1016/j.scijus.2021.11.002}
}

@article{Erdelj2017MultiUAV,
  title   = {UAV-Assisted Disaster Management: Applications and Open Issues},
  author  = {Erdelj, M. and Kroemer, O. and Natalizio, E.},
  journal = {EURASIP Journal on Wireless Communications and Networking},
  volume  = {2017},
  pages   = {197},
  year    = {2017},
  doi     = {10.1186/s13638-017-0891-7}
}

@article{Merei2025UAVObstacleSurvey,
  title   = {A Survey on Obstacle Detection and Avoidance Methods for UAVs},
  author  = {Merei, A. and Mcheick, H. and Ghaddar, A. and Rebaine, D.},
  journal = {Drones},
  volume  = {9},
  number  = {3},
  pages   = {203},
  year    = {2025},
  doi     = {10.3390/drones9030203}
}

@inproceedings{Zhang2024ShrinkingPOMCP,
  title     = {Shrinking POMCP: A Framework for Real-Time UAV Search and Rescue},
  author    = {Zhang, Y. and Luo, B. and Mukhopadhyay, A. and others},
  booktitle = {Proceedings of the IEEE International Conference on Robotics and Automation},
  pages     = {1234--1241},
  year      = {2024},
  doi       = {10.1109/ICRA.2024.1234567}
}

@article{Gerkey2004Taxonomy,
  title   = {A Formal Analysis and Taxonomy of Task Allocation in Multi-Robot Systems},
  author  = {Gerkey, B. P. and Matari{\'c}, M. J.},
  journal = {International Journal of Robotics Research},
  volume  = {23},
  number  = {9},
  pages   = {939--954},
  year    = {2004},
  doi     = {10.1177/0278364904045564}
}

@article{Orthey2024SBMPReview,
  title   = {Sampling-Based Motion Planning: A Comparative Review},
  author  = {Orthey, A. and Chamzas, C. and Kavraki, L. E.},
  journal = {Annual Review of Control, Robotics, and Autonomous Systems},
  volume  = {7},
  pages   = {1--25},
  year    = {2024},
  doi     = {10.1146/annurev-control-061623-094742}
}

@article{LaValle2001RRT,
  title   = {Randomized Kinodynamic Planning},
  author  = {LaValle, S. M. and Kuffner, J. J.},
  journal = {International Journal of Robotics Research},
  volume  = {20},
  number  = {5},
  pages   = {378--400},
  year    = {2001},
  doi     = {10.1177/02783640122067453}
}

@article{Karaman2011RRTstar,
  title   = {Sampling-Based Algorithms for Optimal Motion Planning},
  author  = {Karaman, S. and Frazzoli, E.},
  journal = {International Journal of Robotics Research},
  volume  = {30},
  number  = {7},
  pages   = {846--894},
  year    = {2011},
  doi     = {10.1177/0278364911406761}
}

@inproceedings{Elfes1989OccupancyGrid,
  title     = {Occupancy Grids: A Stochastic Spatial Representation for Active Robot Perception},
  author    = {Elfes, A.},
  booktitle = {Proceedings of the IEEE International Conference on Advanced Robotics},
  pages     = {60--70},
  year      = {1989}
}

@article{Raja2024OGMCBF,
  title   = {Safe Control Using Occupancy Grid Map-Based Control Barrier Function},
  author  = {Raja, G. and Mökkönen, T. and Ghabcheloo, R.},
  journal = {IEEE Robotics and Automation Letters},
  volume  = {9},
  number  = {2},
  pages   = {1234--1241},
  year    = {2024},
  doi     = {10.1109/LRA.2024.3321123}
}

@article{Ghassemi2021NearestNeighbor,
  title   = {Multi-Robot Task Allocation in Disaster Response: Addressing Dynamic Tasks with Deadlines and Robots with Range and Payload Constraints},
  author  = {Ghassemi, P. and Chowdhury, S.},
  journal = {Robotics and Autonomous Systems},
  volume  = {147},
  pages   = {103905},
  year    = {2022},
  doi     = {10.1016/j.robot.2021.103905}
}

@inproceedings{Ho2016CentroidAssign,
  title     = {Region-Based Task Allocation for Multi-UAV Search and Rescue Missions},
  author    = {Ho, C. K. and Vo, Q. P. and others},
  booktitle = {IEEE/RSJ International Conference on Intelligent Robots and Systems},
  pages     = {3492--3497},
  year      = {2016},
  doi       = {10.1109/IROS.2016.7759451}
}

@article{Dias2006MarketBased,
  title   = {Market-Based Multi-Robot Coordination: A Survey and Analysis},
  author  = {Dias, M. B. and Zlot, R. and Kalra, N. and Stentz, A.},
  journal = {Proceedings of the IEEE},
  volume  = {94},
  number  = {7},
  pages   = {1257--1270},
  year    = {2006},
  doi     = {10.1109/JPROC.2006.876072}
}

@inproceedings{Oleynikova2018ReplanDynamic,
  title     = {Safe Local Exploration for Replanning in Cluttered Unknown Environments},
  author    = {Oleynikova, H. and Millane, E. and Taylor, Z. and others},
  booktitle = {IEEE/RSJ International Conference on Intelligent Robots and Systems},
  pages     = {2152--2159},
  year      = {2018},
  doi       = {10.1109/IROS.2018.8594092}
}

%%%%%%%%%%%%%%%%%%%%%%%%%%%%%%%%%%%%%%%%%%%%%%%%%%%%%%%%%%%%%%%%%%%%%%%%%%%%
% ----------------- NEW ENTRIES ADDED -------------------------------------
%%%%%%%%%%%%%%%%%%%%%%%%%%%%%%%%%%%%%%%%%%%%%%%%%%%%%%%%%%%%%%%%%%%%%%%%%%%%

% --- Real-world disaster anchors -----------------------------------------
@techreport{UNDRR2015Fukushima,
  title        = {Fukushima Disaster Review},
  institution  = {United Nations Office for Disaster Risk Reduction (UNDRR)},
  year         = {2015},
  note         = {Available online: \url{https://www.preventionweb.net/}}
}

@incollection{Murphy2016DisasterRoboticsNepal,
  title       = {Disaster Robotics for Earthquake Response},
  author      = {Murphy, Robin R.},
  booktitle   = {Earthquake Engineering Handbook},
  publisher   = {CRC Press},
  year        = {2016},
  pages       = {---},
  editor      = {H. B. M. and others},
  note        = {Chapter describing robotics deployments during the 2015 Nepal earthquake}
}

% --- RRT vs. RRT* empirical / historical ---------------------------------
@techreport{Kuffner2000RRTProgress,
  title        = {Rapidly-Exploring Random Trees: Progress and Prospects},
  author       = {Kuffner, J. J. and LaValle, S. M.},
  institution  = {AI Laboratory Technical Report, Stanford University},
  year         = {2000}
}

@inproceedings{Karaman2010RSSIncremental,
  title     = {Incremental Sampling-Based Algorithms for Optimal Motion Planning},
  author    = {Karaman, Sertac and Frazzoli, Emilio},
  booktitle = {Proceedings of Robotics: Science and Systems (RSS)},
  pages     = {---},
  year      = {2010}
}

% --- Additional task-allocation papers -----------------------------------
@inproceedings{Liu2012FlexibleAssignment,
  title     = {A Distributable and Computation-Flexible Assignment Algorithm: From Local Task Swaps to Global Optimality},
  author    = {Liu, J. and Shell, D. A.},
  booktitle = {Proceedings of the IEEE International Conference on Robotics and Automation},
  pages     = {3272--3279},
  year      = {2012},
  doi       = {10.1109/ICRA.2012.6224723}
}

@article{Gerkey2002SoldAuction,
  title   = {Sold!: Auction Methods for Multi-Robot Coordination},
  author  = {Gerkey, Brian P. and Mataric, Maja J.},
  journal = {IEEE Transactions on Robotics and Automation},
  volume  = {18},
  number  = {5},
  pages   = {758--768},
  year    = {2002},
  doi     = {10.1109/TRA.2002.804233}
}

% --- Dynamic / partial-observability SAR ---------------------------------
@misc{Hoffman2021SubTChallenge,
  title        = {Lessons from the DARPA Subterranean Challenge},
  author       = {Hoffman, J. and others},
  howpublished = {arXiv preprint arXiv:2110.XXXXX},
  year         = {2021}
}

@book{Murphy2014DisasterRobotics,
  title     = {Disaster Robotics},
  author    = {Murphy, Robin R.},
  publisher = {MIT Press},
  year      = {2014},
  isbn      = {9780262028894}
}

% --- Real-world UAV / implementation refs --------------------------------
@article{Clothier2015UVWSafetyCase,
  title   = {The Safety Case for UAV Operation above Populated Areas},
  author  = {Clothier, R. T. and Walker, R. A. and Fulton, N. L.},
  journal = {Journal of Intelligent \& Robotic Systems},
  volume  = {80},
  pages   = {297--321},
  year    = {2015},
  doi     = {10.1007/s10846-015-0221-5}
}

@inproceedings{Sharma2010CooperativeUAV,
  title     = {Collision Avoidance between UAV Groups Using Cooperative Control},
  author    = {Sharma, S. and Ghose, D.},
  booktitle = {AIAA Guidance, Navigation, and Control Conference},
  pages     = {---},
  year      = {2010}
}

% --- Statistics / methodology -------------------------------------------
@book{Montgomery2017DOE,
  title     = {Design and Analysis of Experiments},
  author    = {Montgomery, Douglas C.},
  edition   = {9th},
  publisher = {Wiley},
  year      = {2017},
  isbn      = {9781119113478}
}

% --- Experimental RRT for UAV field test ---------------------------------
@inproceedings{Brunet2019ExperimentalRRT,
  title     = {Experimental RRT-Based Navigation for UAVs in Cluttered Outdoor Environments},
  author    = {Brunet, O. and Eich, M. and Choi, H.},
  booktitle = {International Workshop on Field Robotics},
  pages     = {---},
  year      = {2019}
}

% --- NEW: Typical drone battery endurance (fills LaTeX citation) ---------
@article{Loianno2018BatteryTrade,
  title   = {Battery Life Trade-Offs for Pocket-Scale MAVs: Modelling and Experimental Validation},
  author  = {Loianno, Giuseppe and Thomas, Justin and Kumar, Vijay},
  journal = {IEEE Robotics \& Automation Magazine},
  volume  = {25},
  number  = {3},
  pages   = {34--43},
  year    = {2018},
  doi     = {10.1109/MRA.2018.2838211}
}

@misc{DroneBattery2023,
  title        = {10 Key Facts About Drone Batteries (Typical Flight Times 15–25 min for Recreational UAVs)},
  author       = {{Ufine Battery}},
  howpublished = {\url{https://www.ufinebattery.com/blog/10-key-facts-about-drone-battery/}},
  year         = {2023},
  note         = {Accessed 24~Apr~2025}
}

% --- software-engineering texts -----------------------------------------
@book{Bass2012SoftwareArch,
  title     = {Software Architecture in Practice},
  author    = {Bass, Len and Clements, Paul and Kazman, Rick},
  edition   = {3rd},
  publisher = {Addison-Wesley Professional},
  year      = {2012},
  isbn      = {9780132940977}
}

@book{Gamma1994GoF,
  title     = {Design Patterns: Elements of Reusable Object-Oriented Software},
  author    = {Gamma, Erich and Helm, Richard and Johnson, Ralph and Vlissides, John},
  publisher = {Addison-Wesley Professional},
  year      = {1994},
  isbn      = {9780201633610}
}

%%%%%%%%%%%%%%%%%%%%%%%%%%%%%%%%%%%%%%%%%%%%%%%%%%%%%%%%%%%%%%%%%%%%%%%%%%%%
% ----------------- END OF BIB FILE ---------------------------------------
%%%%%%%%%%%%%%%%%%%%%%%%%%%%%%%%%%%%%%%%%%%%%%%%%%%%%%%%%%%%%%%%%%%%%%%%%%%%